@inproceedings{Li:2003:CSC:860435.860487,
 author = {Li, Tao and Ogihara, Mitsunori and Li, Qi},
 title = {A Comparative Study on Content-based Music Genre Classification},
 booktitle = {Proceedings of the 26th Annual International ACM SIGIR Conference on Research and Development in Informaion Retrieval},
 series = {SIGIR '03},
 year = {2003},
 isbn = {1-58113-646-3},
 location = {Toronto, Canada},
 pages = {282--289},
 numpages = {8},
 url = {http://doi.acm.org/10.1145/860435.860487},
 doi = {10.1145/860435.860487},
 acmid = {860487},
 publisher = {ACM},
 address = {New York, NY, USA},
 keywords = {feature extraction, multi-class classification, music genre classification, wavelet coefficients histogram},
} 
@inproceedings{conf/sigir/HuO12,
  added-at = {2012-08-15T00:00:00.000+0200},
  author = {Hu, Yajie and Ogihara, Mitsunori},
  biburl = {http://www.bibsonomy.org/bibtex/2bfd0910ff46d17df30a0cdf40c5dea3d/dblp},
  booktitle = {SIGIR},
  crossref = {conf/sigir/2012},
  editor = {Hersh, William R. and Callan, Jamie and Maarek, Yoelle and Sanderson, Mark},
  ee = {http://doi.acm.org/10.1145/2348283.2348480},
  interhash = {94b10814c647cb229146e18b00f5fb47},
  intrahash = {bfd0910ff46d17df30a0cdf40c5dea3d},
  isbn = {978-1-4503-1472-5},
  keywords = {dblp},
  pages = {1083-1084},
  publisher = {ACM},
  timestamp = {2012-08-15T00:00:00.000+0200},
  title = {Genre classification for million song dataset using confidence-based classifiers combination.},
  url = {http://dblp.uni-trier.de/db/conf/sigir/sigir2012.html#HuO12},
  year = 2012
}

@article{Breiman,
year={2001},
issn={0885-6125},
journal={Machine Learning},
volume={45},
number={1},
doi={10.1023/A:1010933404324},
title={Random Forests},
url={http://dx.doi.org/10.1023/A%3A1010933404324},
publisher={Kluwer Academic Publishers},
keywords={classification; regression; ensemble},
author={Breiman, Leo},
pages={5-32},
language={English}
}

@article{Geurts,
year={2006},
issn={0885-6125},
journal={Machine Learning},
volume={63},
number={1},
doi={10.1007/s10994-006-6226-1},
title={Extremely randomized trees},
url={http://dx.doi.org/10.1007/s10994-006-6226-1},
publisher={Kluwer Academic Publishers},
keywords={Supervised learning; Decision and regression trees; Ensemble methods; Cut-point randomization; Bias/variance tradeoff; Kernel-based models},
author={Geurts, Pierre and Ernst, Damien and Wehenkel, Louis},
pages={3-42},
language={English}
}


@MISC{Bou-rabee12classifyingthe,
    author = {Ahmed Bou-rabee and Keegan Go and Karanveer Mohan},
    title = {Classifying the Subjective: Determining Genre of Music From Lyrics},
    year = {2012}
}

@INPROCEEDINGS{Bertin-Mahieux2011,
  author = {Thierry Bertin-Mahieux and Daniel P.W. Ellis and Brian Whitman and Paul Lamere},
  title = {The Million Song Dataset},
  booktitle = {{Proceedings of the 12th International Conference on Music Information
	Retrieval ({ISMIR} 2011)}},
  year = {2011},
  owner = {thierry},
  timestamp = {2010.03.07}
}

@manual{MusicBrainz,
   title  = "MusicBrainz - The Open Music Encyclopedia",
   author = "MusicBrainz Community",
    url   = "http://musicbrainz.org",
    year  = "2014 (accessed October 3, 2014)"
}

@article{scikit-learn,
 title={Scikit-learn: Machine Learning in {P}ython},
 author={Pedregosa, F. and Varoquaux, G. and Gramfort, A. and Michel, V.
         and Thirion, B. and Grisel, O. and Blondel, M. and Prettenhofer, P.
         and Weiss, R. and Dubourg, V. and Vanderplas, J. and Passos, A. and
         Cournapeau, D. and Brucher, M. and Perrot, M. and Duchesnay, E.},
 journal={Journal of Machine Learning Research},
 volume={12},
 pages={2825--2830},
 year={2011}
}